%% This BibTeX bibliography file was created using BibDesk.
%% http://bibdesk.sourceforge.net/


%% Created for Benjamin G. at 2011-01-16 18:10:33 +0100 


%% Saved with string encoding Unicode (UTF-8) 



@misc{Mojang:2011zr,
	Author = {{Mojang Specifications}},
	Date-Added = {2011-01-16 17:55:20 +0100},
	Date-Modified = {2011-01-16 18:10:28 +0100},
	Howpublished = {\url{http://www.minecraft.net/}},
	Title = {Minecraft},
	Year = {2011}}

@misc{Torus:2011vn,
	Author = {{Torus Knot Software}},
	Date-Added = {2011-01-16 17:30:24 +0100},
	Date-Modified = {2011-01-16 18:10:33 +0100},
	Howpublished = {\url{http://www.ogre3d.org/}},
	Title = {Ogre},
	Year = {2011}}

@book{Engel:2004uq,
	Author = {Wolfgang Engel},
	Date-Added = {2011-01-15 17:13:05 +0100},
	Date-Modified = {2011-01-15 17:14:57 +0100},
	Edition = {1},
	Publisher = {Charles River Media},
	Title = {ShaderX3: advanced rendering with DirectX and OpenGL},
	Year = {2004}}

@article{McCloskey:2009ij,
	Author = {Scott McCloskey and Michael Langer},
	Date-Added = {2011-01-14 21:51:59 +0100},
	Date-Modified = {2011-01-14 21:54:27 +0100},
	Journal = {Proceedings of the IEEE Conference on Computer Vision and Pattern Recognition},
	Pages = {2318--2325},
	Title = {Planar Orientation from Blur Gradients in a Single Image},
	Year = {2009}}

@misc{Flickr:2011hc,
	Author = {Flickr},
	Date-Added = {2011-01-14 21:01:25 +0100},
	Date-Modified = {2011-01-14 21:08:21 +0100},
	Howpublished = {\url{http://www.flickr.com/groups/tilt-shift-fakes/}},
	Month = {January},
	Title = {Flickr group: Tilt-shift Miniature Fakes},
	Year = {2011}}

@techreport{Dudash:2004ul,
	Author = {Bryan Dudash},
	Date-Added = {2011-01-14 16:32:08 +0100},
	Date-Modified = {2011-01-14 19:50:46 +0100},
	Institution = {NVIDIA Corporation},
	Month = {7},
	Title = {Depth of Field - Controlling Camera Parameters},
	Year = {2004}}

@incollection{Earll-Hammon:2007qf,
	Author = {Earll Hammon, Jr.},
	Booktitle = {GPU Gems 3},
	Date-Added = {2011-01-10 04:20:58 +0100},
	Date-Modified = {2011-01-14 19:50:46 +0100},
	Publisher = {Addison-Wesley Professional},
	Title = {Chapter 28. Practical Post-Process Depth of Field},
	Url = {http://http.developer.nvidia.com/GPUGems3/gpugems3_ch28.html},
	Year = {2007},
	Bdsk-Url-1 = {http://http.developer.nvidia.com/GPUGems3/gpugems3_ch28.html}}

@book{Randima-Fernando:2003rr,
	Author = {Randima Fernando, Mark J. Kilgard},
	Date-Added = {2011-01-10 04:18:46 +0100},
	Date-Modified = {2011-01-14 19:50:46 +0100},
	Edition = {1},
	Month = {3},
	Publisher = {Addison-Wesley Professional},
	Title = {The Cg Tutorial: The Definitive Guide to Programmable Real-Time Graphics},
	Year = {2003}}

@techreport{Kilgard:2003bh,
	Author = {Mark J. Kilgard},
	Date-Added = {2011-01-10 04:17:01 +0100},
	Date-Modified = {2011-01-14 19:50:46 +0100},
	Institution = {NVIDIA Corporation},
	Month = {1},
	Title = {Cg in Two Pages},
	Year = {2003}}

@article{Lee:2008nx,
	Author = {Sungkil Lee and Gerard Jounghyun Kim and Seungmoon Choi},
	Date-Added = {2011-01-10 04:15:13 +0100},
	Date-Modified = {2011-01-14 19:50:46 +0100},
	Journal = {IEEE Transactions on Visualization and Computer Graphics},
	Title = {Real-Time Depth-of-Field Rendering Using Anisotropically Filtered Mipmap Interpolation},
	Year = {2008}}

@techreport{Scheuermann:2004wd,
	Author = {Thorsten Scheuermann},
	Date-Added = {2011-01-10 04:14:27 +0100},
	Date-Modified = {2011-01-14 19:50:46 +0100},
	Institution = {ATI Research, Inc.},
	Title = {Advanced Depth of Field},
	Year = {2004}}

@article{Lee:2010oq,
	Author = {Sungkil Lee and Elmar Eisemann and Hans-Peter Seidel},
	Date-Added = {2011-01-10 04:12:55 +0100},
	Date-Modified = {2011-01-14 19:50:46 +0100},
	Journal = {ACM Transactions on Graphics},
	Title = {Real-Time Lens Blur Effects and Focus Control},
	Year = {2010}}

@article{Lee:2009eu,
	Author = {Sungkil Lee and Elmar Eisemann and Hans-Peter Seidel},
	Date-Added = {2011-01-10 04:11:37 +0100},
	Date-Modified = {2011-01-14 19:50:46 +0100},
	Journal = {ACM Transactions on Graphics},
	Title = {Depth-of-Field Rendering with Multiview Synthesis},
	Year = {2009}}

@article{Filion:2008ve,
	Author = {Dominic Filion and Rob McNaughton},
	Date-Added = {2011-01-10 04:10:10 +0100},
	Date-Modified = {2011-01-14 19:50:46 +0100},
	Journal = {Advances in Real‚ÄêTime Rendering in 3D Graphics and Games Course -- SIGGRAPH 2008},
	Title = {Starcraft 2 -- Effects & Techniques},
	Year = {2008}}

@article{Held:2010cr,
	Author = {Robert T. Held and Emily A. Cooper and James F. O'Brien and Martin S. Banks},
	Date-Added = {2011-01-10 04:07:36 +0100},
	Date-Modified = {2011-01-14 19:50:46 +0100},
	Journal = {ACM Transactions on Graphics},
	Month = {3},
	Number = {2},
	Title = {Using Blur to Affect Perceived Distance and Size},
	Volume = {29},
	Year = {2010}}

@article{Riguer:2003pd,
	Author = {Guennadi Riguer and Natalya Tatarchuk and John Isidoro},
	Date-Added = {2011-01-10 04:04:22 +0100},
	Date-Modified = {2011-01-14 19:50:46 +0100},
	Journal = {Shader{$X^2$} -- Shader Programming Tips and Tricks with DirectX 9},
	Title = {Real-Time Depth of Field Simulation},
	Year = {2003}}

@techreport{Kass:2006dq,
	Author = {Michael Kass and Aaron Lefohn and John Owens},
	Date-Added = {2011-01-10 03:55:22 +0100},
	Date-Modified = {2011-01-14 19:50:46 +0100},
	Institution = {Pixar},
	Title = {Interactive Depth of Field Using Simulated Diffusion on a GPU},
	Year = {2006}}

@article{Bertalmio:2004lq,
	Author = {Marcelo Bertalmio and Pere Fort and Daniel Sanchez-Crespo},
	Date-Added = {2011-01-10 03:51:44 +0100},
	Date-Modified = {2011-01-14 19:50:46 +0100},
	Journal = {Proceeding 3DPVT '04 Proceedings of the 3D Data Processing, Visualization, and Transmission, 2nd International Symposium},
	Title = {Real-time, Accurate Depth of Field using Anisotropic Diffusion and Programmable Graphics Cards},
	Year = {2004}}
